<?xml version="1.0" encoding="UTF-8"?><collection xmlns="http://www.loc.gov/MARC21/slim"><record><leader>00496nam--2200181-i-4500</leader><controlfield tag="001">000035748</controlfield><controlfield tag="002">20161230</controlfield><controlfield tag="005">20161230201040</controlfield><controlfield tag="008">060222s1000------------r-----000-0-eng-d</controlfield><datafield ind1=" " ind2=" " tag="020"><subfield code="a">0720403634</subfield></datafield><datafield ind1=" " ind2=" " tag="040"><subfield code="a">IFIN-HH</subfield></datafield><datafield ind1=" " ind2=" " tag="080"><subfield code="a">538.958</subfield></datafield><datafield ind1="1" ind2=" " tag="100"><subfield code="a">Seraphin, B.O</subfield></datafield><datafield ind1="1" ind2="0" tag="245"><subfield code="a">Optical properties of solids new developments</subfield><subfield code="c">B.o. seraphin (ed.)</subfield></datafield><datafield ind1=" " ind2=" " tag="260"><subfield code="a">Amsterdam</subfield><subfield code="b">North-hollalnd Publishing Componay</subfield><subfield code="c">1976</subfield></datafield><datafield ind1=" " ind2=" " tag="300"><subfield code="a">V+1018P</subfield></datafield><datafield ind1=" " ind2=" " tag="852"><subfield code="a">45442</subfield><subfield code="c">539.2</subfield></datafield><datafield ind1=" " ind2=" " tag="CAT"><subfield code="a">Sys</subfield><subfield code="c">20121026</subfield><subfield code="h">115056</subfield></datafield></record></collection>